<record><leader>00000cas a22000007a 4500</leader><controlfield tag="001">27204636</controlfield><controlfield tag="008">930106u19uuuuuutxudn ne      0    0eng d</controlfield><datafield ind1=" " ind2=" " tag="010"><subfield code="a">sn 93068207 </subfield></datafield><datafield ind1=" " ind2=" " tag="040"><subfield code="a">PPM</subfield><subfield code="b">eng</subfield><subfield code="c">PPM</subfield><subfield code="d">OCLCQ</subfield><subfield code="d">OCLCF</subfield><subfield code="d">OCLCO</subfield></datafield><datafield ind1="1" ind2=" " tag="029"><subfield code="a">AU@</subfield><subfield code="b">000025897721</subfield></datafield><datafield ind1=" " ind2=" " tag="042"><subfield code="a">msc</subfield></datafield><datafield ind1="0" ind2="4" tag="245"><subfield code="a">The daily skiff.</subfield></datafield><datafield ind1=" " ind2=" " tag="260"><subfield code="a">Fort Worth, Tex. :</subfield><subfield code="b">Texas Christian University</subfield></datafield><datafield ind1=" " ind2=" " tag="300"><subfield code="a">v.</subfield></datafield><datafield ind1=" " ind2=" " tag="310"><subfield code="a">Daily</subfield></datafield><datafield ind1=" " ind2=" " tag="588"><subfield code="a">Description based on : vol. 72, no. 41 (Nov. 14, 1973).</subfield></datafield><datafield ind1="2" ind2="0" tag="610"><subfield code="a">Texas Christian University</subfield><subfield code="v">Newspapers.</subfield></datafield><datafield ind1=" " ind2="7" tag="655"><subfield code="a">Newspapers.</subfield><subfield code="2">fast</subfield><subfield code="0">(OCoLC)fst01423814</subfield></datafield><datafield ind1="2" ind2="7" tag="610"><subfield code="a">Texas Christian University.</subfield><subfield code="2">fast</subfield><subfield code="0">(OCoLC)fst00556564</subfield></datafield><datafield ind1=" " ind2=" " tag="752"><subfield code="a">United States</subfield><subfield code="b">Texas</subfield><subfield code="c">Tarrant</subfield><subfield code="d">Fort Worth.</subfield></datafield><datafield ind1="0" ind2="0" tag="780"><subfield code="t">Skiff (Waco, Tex.)</subfield><subfield code="w">(DLC)sn9300068206</subfield></datafield></record>